@Article{Doc1,
author = {August Umberto Teurin and Arya Umbra Teurdeu},
title = {Titre de l'article},
journal = {Journal de parution},
pages = {1--14},
month = {avr},
year = {1998}
}
